@article{S05,
  author={Alexander L. Stolyar},
  journal={Operations Research},
  title={On the Asymptotic Optimality of the Gradient Scheduling Algorithm for Multiuser Throughput Allocation},
  year={2005},
  volume={53},
  number={1},
  pages={12-25},
  doi={10.1287/opre.1040.0156}
}

@online{F19,
  author={Richard Florida},
  title={How Should We Define the Suburbs?},
  year={2019},
  url={https://www.bloomberg.com/news/articles/2019-06-12/why-we-need-a-standard-definition-of-the-suburbs},
  urldate={2022-07-13}
}
